% This file was created with JabRef 2.10.
% Encoding: UTF8


@Inbook{Scheid2016a,
  Title                    = {Herz Sutra (Hannya shingyō)},
  Author                   = {Bernhard Scheid},
  Pages                    = {~},
  Shorttitle               = {Herz Sutra, 2016},
  Year                     = {2016},

  Crossref                 = {UniWien2016a},
  Language                 = {german},
  Note                     = {Web},
  Owner                    = {reincke},
  Timestamp                = {2016.07.24},
  Url                      = {https://www.univie.ac.at/rel_jap/an/Texte/Sutra/Hannya_shingyo},
  Urldate                  = {2016-07-24}
}

@Misc{DaiShinZen2016a,
  Title                    = {Dai Shin Zen Kloster},

  Author                   = {{[Polenski, Hinnerk / Maetzel, Matthias]}},
  Shorttitle               = {Dai Shin Zen Kloster, 2016},
  Year                     = {2016},

  Booktitle                = {Religion-in-Japan: Ein Web-Handbuch},
  Language                 = {german},
  Note                     = {Web},
  Owner                    = {reincke},
  Publisher                = {Universität Wien},
  Timestamp                = {2016.07.24},
  Url                      = {http://zen-schule.de/},
  Urldate                  = {2016-07-24}
}

@Electronic{babla2016a,
  Title                    = {Bab.la Wörterbuch Chinesisch - Deutsch},
  Shorttitle               = {bab.la Wörterbuch CN-DE},

  Address                  = {Hamburg},
  Author                   = {{[Schroeter, Andreas / Uecker, Patrick ]}},
  Publisher                = {bab.la GmbH},
  Year                     = {2016},

  Language                 = {english},
  Owner                    = {reincke},
  Timestamp                = {2016.10.13},
  Url                      = {http://de.bab.la/woerterbuch/chinesisch-deutsch/}
}

@Misc{Boeck2016a,
  Title                    = {Herzsutra},

  Author                   = {Ralf SoGen Boeck},
  Shorttitle               = {Herzsutra, 2016},
  Year                     = {o.J. (2016)},

  Annote                   = {Der Autor nennt sich selbst einen 'schlampigen Bodhisatva' und bezeichnet seinen Block als 'irrelevante Tiraden'. Seine Übersetzungsarbeit passt weder zu der einen Kennzeichnung, noch zu der anderen.},
  Language                 = {german},
  Note                     = {Web},
  Owner                    = {reincke},
  Publisher                = {Zensplitter},
  Timestamp                = {2016.07.24},
  Url                      = {http://www.zensplitter.de/Herzsutra.pdf},
  Urldate                  = {2016-07-24}
}

@Book{Deshimaru1988a,
  Title                    = {Hannya Shingyo. Das Sūtra der höchsten Weisheit},
  Address                  = {Heidelberg-Leimen},
  Author                   = {Taisem Deshimaru-Rōshi},
  Shorttitle               = {Hannya Schingyō, 1988},
  Year                     = {1988},
  ISBN                     = {978-3-932337-20-8},
  Publisher                = {Werner Kristkeiz Verlag},
  Titleaddon               = {vollständig [ins Französische] übertragen und mit Kommentaren versehen von Taisen Deshimaru-Roshi; [Redaktion des deutschen Textes von Paul Schötz u. Werner Kristkeitz]},

  Owner                    = {kreincke},
  Timestamp                = {2016.06.23}
}

@Electronic{leoChDe2016a,
  Title                    = {Wörterbuch Chinesisch Deutsch},
  Shorttitle               = {Leo Wörterbuch CN-DE},

  Address                  = {Sauerlach},
  Author                   = {{Leo Dictionary Team}},
  Publisher                = {LEO GmbH},
  Year                     = {2016},

  Language                 = {german},
  Owner                    = {reincke},
  Timestamp                = {2016.10.15},
  Url                      = {https://dict.leo.org/chde/},
  Urldate                  = {2016-10-15}
}

@Misc{Wolter2010a,
  Title                    = {Herzsutra. Vorläufige Zusammenstellung unterschiedlicher Übersetzungen des Herzsutra ins 
Deutsche},

  Author                   = {Doris Wolter},
  Shorttitle               = {Zusammenstellung unterschiedlicher Übersetzungen des Herzsutra ins Deutsche, 2010},
  Year                     = {2010},

  Language                 = {german},
  Note                     = {Web},
  Owner                    = {reincke},
  Timestamp                = {2016.10.01},
  Url                      = {http://www.buddhismus-studium.de/materialdownloads/material_herzsutras.pdf}
}

@Misc{anonymous2016a,
  Title                    = {Rezitationstexte},

  Author                   = {{Zen-Gruppe Flensburg}},
  Shorttitle               = {Rezitationstexte [mit Übersetzung], 2016},
  Year                     = {o.J. (2016)},

  Language                 = {german},
  Note                     = {Web},
  Owner                    = {reincke},
  Publisher                = {Zengruppe Flensburg},
  Timestamp                = {2016.07.24},
  Url                      = {http://www.zen-gruppe-flensburg.de/Rezitationen.pdf},
  Urldate                  = {2016-07-27}
}

@Proceedings{UniWien2016a,
  Title                    = {Religion in Japan: ein Web-Handbuch},
  Shorttitle               = {Religion in Japan: ein Web-Handbuch, 2016},
  Year                     = {2016},

  Address                  = {Wien},
  Editor                   = {{Universität Wien}},
  Publisher                = {Universität Wien},

  Language                 = {german},
  Note                     = {Web},
  Owner                    = {reincke},
  Timestamp                = {2016.09.25},
  Url                      = {http://www.univie.ac.at/rel_jap/an/Religion-in-Japan},
  Urldate                  = {2016-09-25}
}

@comment{jabref-meta: selector_keywords:}

@comment{jabref-meta: selector_journal:}

@comment{jabref-meta: selector_publisher:}

@comment{jabref-meta: selector_author:}

